@misc{sarcos,
    title     = {Guassian Processes for Machine Learning - Data},
    author    = {Carl Rasmussen and Christopher Williams},
    year      = {2006},
    publisher = {MIT Press},
    url       = {https://gaussianprocess.org/gpml/data/}
}

@misc{github,
    author    = {Jacob Lister},
    url       = {https://github.com/jacobtlister/stat512-project}
}

@book{gpml,
    title     = {Guassian Processes for Machine Learning},
    author    = {Carl Rasmussen and Christopher Williams},
    year      = {2006},
    publisher = {MIT Press},
    url       = {https://gaussianprocess.org/gpml/}
}

@misc{scikit-gp,
    title     = {1.7. Guassian Processes},
    author    = {scikit\nobreakhyphen learn},
    publisher = {scikit-learn},
    url       = {https://scikit-learn.org/stable/modules/gaussian_process.html}
}

@article{fic,
  author  = {Joaquin Qui{{\~n}}onero-Candela and Carl Edward Rasmussen},
  title   = {A Unifying View of Sparse Approximate Gaussian Process Regression},
  journal = {Journal of Machine Learning Research},
  year    = {2005},
  volume  = {6},
  number  = {65},
  pages   = {1939--1959},
  url     = {http://jmlr.org/papers/v6/quinonero-candela05a.html}
}

@misc{fic_matlab,
    title     = {Fully Independent Conditional Approximation for GPR Models},
    publisher = {Mathworks},
    url       = {https://www.mathworks.com/help/stats/fully-independent-conditional-approximation-for-gpr-models.html}
}