@book{gpml,
title={Guassian Processes for Machine Learning},
author={Rasmussen, Williams},
year={2006},
publisher={MIT Press}
}